<?xml version="1.0" encoding="UTF-8"?><record xmlns="http://www.loc.gov/MARC21/slim" xmlns:cinclude="http://apache.org/cocoon/include/1.0" xmlns:zs="http://www.loc.gov/zing/srw/">
  <leader>00388cz  a2200121n  4500</leader>
  <controlfield tag="001">n  88054804 </controlfield>
  <controlfield tag="003">DLC</controlfield>
  <controlfield tag="005">19890111112013.4</controlfield>
  <controlfield tag="008">881129n| acannaab|          |n aaa |||  </controlfield>
  <datafield tag="010" ind1=" " ind2=" ">
    <subfield code="a">n  88054804 </subfield>
  </datafield>
  <datafield tag="040" ind1=" " ind2=" ">
    <subfield code="a">DLC</subfield>
    <subfield code="c">DLC</subfield>
    <subfield code="d">DLC</subfield>
  </datafield>
  <datafield tag="100" ind1="1" ind2="0">
    <subfield code="a">Aleksandrowicz, Irena</subfield>
  </datafield>
  <datafield tag="670" ind1=" " ind2=" ">
    <subfield code="a">Bibliografia publikacji pracownikoĚw naukowych Akademii Ekonomicznej w Krakowie ... 1984:</subfield>
    <subfield code="b">verso t.p. (Irena Aleksandrowicz)</subfield>
  </datafield>
</record>